@INPROCEEDINGS{cui:easyalbum,
  TITLE = "EasyAlbum: an interactive photo annotation system based on face clustering and re-ranking",
    AUTHOR = {Cui, Jingyu and Wen, Fang and Xiao, Rong and Tian, Yuandong and Tang, Xiaoou},
    BOOKTITLE = {Proceedings of the SIGCHI conference on Human factors in computing systems},
    PAGES = {367--376},
    YEAR = {2007},
    ORGANIZATION = {ACM}
}
  

@inproceedings{cao:frlbd,
  title={Face recognition with learning-based descriptor},
  author={Cao, Zhimin and Yin, Qi and Tang, Xiaoou and Sun, Jian},
  booktitle={Computer Vision and Pattern Recognition (CVPR), 2010 IEEE Conference on},
  pages={2707--2714},
  year={2010},
  organization={IEEE}
}


@article{bengio:glytdn,
  title={Greedy layer-wise training of deep networks},
  author={Bengio, Yoshua and Lamblin, Pascal and Popovici, Dan and Larochelle, Hugo and others},
  journal={Advances in neural information processing systems},
  volume={19},
  pages={153},
  year={2007},
  publisher={MIT; 1998}
}

@inproceedings{lee:cdbn,
  title={Convolutional deep belief networks for scalable unsupervised learning of hierarchical representations},
  author={Lee, Honglak and Grosse, Roger and Ranganath, Rajesh and Ng, Andrew Y},
  booktitle={Proceedings of the 26th annual international conference on machine learning},
  pages={609--616},
  year={2009},
  organization={ACM}
}


@inproceedings{salah:cae,
  title={Contractive auto-encoders: Explicit invariance during feature extraction},
  author={Rifai, Salah and Vincent, Pascal and Muller, Xavier and Glorot, Xavier and Bengio, Yoshua},
  booktitle={Proceedings of the 28th international conference on machine learning (ICML-11)},
  pages={833--840},
  year={2011}
}

@inproceedings{hua:m10,
  title={A robust elastic and partial matching metric for face recognition},
  author={Hua, Gang and Akbarzadeh, Amir},
  booktitle={2009 IEEE 12th International Conference on Computer Vision},
  pages={2082--2089},
  year={2009},
  organization={IEEE}
}

@inproceedings{prabhu:patchvot,
  title={Patch Flow based Visual Object Tracking},
  author={Prabhu, Nikita and Ramakanth, S Avinash and Babu, R Venkatesh},
  booktitle={Proceedings of the 2014 Indian Conference on Computer Vision Graphics and Image Processing},
  pages={86},
  year={2014},
  organization={ACM}
}

@inproceedings{jie:rtt,
  title={A real-time face tracker},
  author={Yang, Jie and Waibel, Alex},
  booktitle={Applications of Computer Vision, 1996. WACV'96., Proceedings 3rd IEEE Workshop on},
  pages={142--147},
  year={1996},
  organization={IEEE}
}

@inproceedings{wren:pff,
  title={Pfinder: Real-time tracking of the human body},
  author={Wren, Christopher R and Azarbayejani, Ali J and Darrell, Trevor J and Pentland, Alexander P},
  booktitle={Photonics East'95},
  pages={89--98},
  year={1996},
  organization={International Society for Optics and Photonics}
}


@INPROCEEDINGS{zaharia:wss,
   author = {Zaharia, Matei and Chowdhury, Mosharaf and Franklin, Michael J. and Shenker, Scott and Stoica, Ion},
 title = {Spark: Cluster Computing with Working Sets},
 booktitle = {Proceedings of the 2Nd USENIX Conference on Hot Topics in Cloud Computing},
 series = {HotCloud'10},
 year = {2010},
 location = {Boston, MA},
 pages = {10--10},
 numpages = {1},
 url = {http://dl.acm.org/citation.cfm?id=1863103.1863113},
 acmid = {1863113},
 publisher = {USENIX Association},
 address = {Berkeley, CA, USA},
 }

@inproceedings{zaharia:rdd,
  title={Resilient distributed datasets: A fault-tolerant abstraction for in-memory cluster computing},
  author={Zaharia, Matei and Chowdhury, Mosharaf and Das, Tathagata and Dave, Ankur and Ma, Justin and McCauley, Murphy and Franklin, Michael J and Shenker, Scott and Stoica, Ion},
  booktitle={Proceedings of the 9th USENIX conference on Networked Systems Design and Implementation},
  pages={2--2},
  year={2012},
  organization={USENIX Association}
}

@inproceedings{zaharia:dstream,
  title={Discretized streams: Fault-tolerant streaming computation at scale},
  author={Zaharia, Matei and Das, Tathagata and Li, Haoyuan and Hunter, Timothy and Shenker, Scott and Stoica, Ion},
  booktitle={Proceedings of the Twenty-Fourth ACM Symposium on Operating Systems Principles},
  pages={423--438},
  year={2013},
  organization={ACM}
}

@inproceedings{shah:dataflow,
  title={Highly available, fault-tolerant, parallel dataflows},
  author={Shah, Mehul A and Hellerstein, Joseph M and Brewer, Eric},
  booktitle={Proceedings of the 2004 ACM SIGMOD international conference on Management of data},
  pages={827--838},
  year={2004},
  organization={ACM}
}

@INPROCEEDINGS{storm:twitter,
  author = {Toshniwal, Ankit and Taneja, Siddarth and Shukla, Amit and Ramasamy, Karthik and Patel, Jignesh M. and Kulkarni, Sanjeev and Jackson, Jason and Gade, Krishna and Fu, Maosong and Donham, Jake and Bhagat, Nikunj and Mittal, Sailesh and Ryaboy, Dmitriy},
   title = {Storm@Twitter},
   booktitle = {Proceedings of the 2014 ACM SIGMOD International Conference on Management of Data},
   series = {SIGMOD '14},
   year = {2014},
   isbn = {978-1-4503-2376-5},
   location = {Snowbird, Utah, USA},
   pages = {147--156},
   numpages = {10},
   url = {http://doi.acm.org/10.1145/2588555.2595641},
   doi = {10.1145/2588555.2595641},
   acmid = {2595641},
   publisher = {ACM},
   address = {New York, NY, USA},
   keywords = {real-time query processing, stream data management},
}
@inproceedings{daisy:desc,
  title={Monitoring a large surveillance space through distributed face matching},
  author={Mishra, Richa and Kumar, Prasanna and Chaudhury, Santanu and Indu, S},
  booktitle={Computer Vision, Pattern Recognition, Image Processing and Graphics (NCVPRIPG), 2013 Fourth National Conference on},
  pages={1--5},
  year={2013},
  organization={IEEE}
}
@Misc{scipy:cite,
  author =    {Eric Jones and Travis Oliphant and Pearu Peterson and others},
  title =     {{SciPy}: Open source scientific tools for {Python}},
  year =      {2001--},
  url = "http://www.scipy.org/",
  note = {[Online; accessed 2016-07-14]}
}
@Article{Hunter:2007,
  Author    = {Hunter, J. D.},
  Title     = {Matplotlib: A 2D graphics environment},
  Journal   = {Computing In Science \& Engineering},
  Volume    = {9},
  Number    = {3},
  Pages     = {90--95},
  abstract  = {Matplotlib is a 2D graphics package used for Python
  for application development, interactive scripting, and
  publication-quality image generation across user
  interfaces and operating systems.},
  publisher = {IEEE COMPUTER SOC},
  year      = 2007
}
@misc{chollet2015keras,
  title={Keras},
  author={Chollet, Fran\c{c}ois},
  year={2015},
  publisher={GitHub},
  howpublished={\url{https://github.com/fchollet/keras}},
}
@ARTICLE{2016arXiv160502688short,
   author = {{Theano Development Team}},
    title = "{Theano: A {Python} framework for fast computation of mathematical expressions}",
  journal = {arXiv e-prints},
   volume = {abs/1605.02688},
 primaryClass = "cs.SC",
 keywords = {Computer Science - Symbolic Computation, Computer Science - Learning, Computer Science - Mathematical Software},
     year = 2016,
    month = may,
      url = {http://arxiv.org/abs/1605.02688},
}
@article{Mllib:tool,
  author    = {Xiangrui Meng and
               Joseph K. Bradley and
               Burak Yavuz and
               Evan R. Sparks and
               Shivaram Venkataraman and
               Davies Liu and
               Jeremy Freeman and
               D. B. Tsai and
               Manish Amde and
               Sean Owen and
               Doris Xin and
               Reynold Xin and
               Michael J. Franklin and
               Reza Zadeh and
               Matei Zaharia and
               Ameet Talwalkar},
  title     = {MLlib: Machine Learning in Apache Spark},
  journal   = {CoRR},
  volume    = {abs/1505.06807},
  year      = {2015},
  url       = {http://arxiv.org/abs/1505.06807},
  timestamp = {Mon, 01 Jun 2015 14:13:54 +0200},
  biburl    = {http://dblp.uni-trier.de/rec/bib/journals/corr/MengBYSVLFTAOXX15},
  bibsource = {dblp computer science bibliography, http://dblp.org}
}
